@misc{ungvision:online,
    author = {Sandberg, Elisabeth},
    title = {{Bra stämning och resultat på Ung vision | Skånska Dagbladet}},
    howpublished = {\url{http://www.skd.se/2010/11/16/bra-stamning-och-resultat-pa-ung-vision/}},
    month = {November},
    year = {2010},
    note = {(Accessed on 14 September 2018)}
}

@misc{Dougherty:online,
	author = {Dougherty, Kate E.},
	title = {ICWES15 - Sustainable Building Design: Challenge and Opportunity.},
	howpublished = {\url{https://www.slideshare.net/EngineersAustralia/icwes15-sustainable-building-design-challenge-and-opportunity-presented-by-kate-e-dougherty-skm-australia}},
	month = {August},
	year = {2011},
	note = {(Accessed on 23 October 2018)}
}

@misc{whyjoinCIBSE,
    author = {CIBSE},
    title = {{Professional Registration}},
    howpublished = {\url{https://www.cibse.org/membership/why-join-cibse/professional-registration}},
    month = {},
    year = {},
    note = {(Accessed on 2 November 2018)}
}